@online{panos,
author = {Osamu Tatebe},
title  = {Introduction to Distributed System Design},
url    = {http://www.hpcs.cs.tsukuba.ac.jp/~tatebe/lecture/h23/dsys/dsd-tutorial.html}
urldate = {2018-01-17}
}