@online{bss,
  title = {.bss},
  howpublished = "\url{https://en.wikipedia.org/wiki/.bss}",
}

@online{personality_man,
	title = {personality(2) - Linux man page},
	howpublished = "\url{http://man7.org/linux/man-pages/man2/personality.2.html}",
}

@online{abi,
  title = {System V Application Binary Interface	},
  howpublished = "\url{https://software.intel.com/sites/default/files/article/402129/mpx-linux64-abi.pdf}",
}

@online{oracle_linker,
  title = {Linker and Libraries Guide},
  howpublished = "\url{https://docs.oracle.com/cd/E19957-01/806-0641/6j9vuqujs/index.html#chapter6-71736}",
}

@online{lwn,
	title = {How programs get run: ELF binaries},
	howpublished = "\url{https://lwn.net/Articles/631631/}",
}

@online{elf_wiki,
	title = {Executable and {L}inkable {F}ormat},
	howpublished = "\url{https://en.wikipedia.org/wiki/Executable_and_Linkable_Format}",
}

@online{elf_doc,
    title = {Eexcutable and {L}inkable {F}ormat ({ELF})},
    howpublished = "\url{http://www.skyfree.org/linux/references/ELF_Format.pdf}",
}

@online{program_header,
	title = {Program {H}eader},
	howpublished = "\url{http://www.sco.com/developers/gabi/latest/ch5.pheader.html}",
}

@online{lsb,
	title = {Linux {S}tandard {B}ase {C}ore {S}pecification 3.1},
	year = 2018,
	howpublished = "\url{http://refspecs.linuxbase.org/LSB_3.1.1/LSB-Core-generic/LSB-Core-generic.html#PROGHEADER}",
}

@online{acron,
  title = {Acronyms relevant to {E}xecutable and {L}inkable {F}ormat ({ELF})},
  howpublished = "\url{https://www.cs.stevens.edu/~jschauma/631/elf.html}",
}

@online{sigaltstack,
  title = {sigaltstack(2) - Linux man page},
  howpublished = "\url{http://man7.org/linux/man-pages/man2/sigaltstack.2.html}",
}