@online{dhcp,
  title = {Dynamic Host Configuration Protocol},
  year = 2018,
  howpublished = "\url{https://en.wikipedia.org/wiki/Dynamic_Host_Configuration_Protocol}",
}

@inproceedings{vangoor2017fuse,
	title={To $\{$FUSE$\}$ or Not to $\{$FUSE$\}$: Performance of User-Space File Systems},
	author={Vangoor, Bharath Kumar Reddy and Tarasov, Vasily and Zadok, Erez},
	booktitle={15th $\{$USENIX$\}$ Conference on File and Storage Technologies ($\{$FAST$\}$ 17)},
	pages={59--72},
	year={2017}
}

@online{script_man,
	title = {script(1) - Linux man page},
	howpublished = "\url{http://man7.org/linux/man-pages/man1/script.1.html}",
}

@online{lab0,
  title = {CS380L: Advanced Operating Systems Lab 0},
  year = 2018,
  howpublished = "\url{https://www.cs.utexas.edu/~rossbach/380L/lab/lab0.html\#debug-config}",
}

@online{strace_man,
  title = {strace(1) - Linux man page},
  howpublished = "\url{https://linux.die.net/man/1/strace}",
}

@online{lsof_man,
	title = {lsof(8) - Linux man page},
	howpublished = "\url{http://man7.org/linux/man-pages/man8/lsof.8.html}",
}

@online{stat_man,
	title = {stat(2) - Linux man page},
	howpublished = "\url{https://linux.die.net/man/2/stat}",
}

@online{stat1_man,
	title = {stat(1) - Linux man page},
	howpublished = "\url{https://linux.die.net/man/1/stat}",
}

@online{hardware_counter,
	title = {Hardware performance counter},
	year = 2018,
	howpublished = "\url{https://en.wikipedia.org/wiki/Hardware_performance_counter}",
}

@online{urandom,
  title = {Myths about /dev/urandom},
  howpublished = "\url{https://www.2uo.de/myths-about-urandom/}",
}