@unpublished{Jurafsky:2017,
    author  = {Dan Jurafsky and James H.Martin},
    title   = {Speech and Language Processing},
    year    = "2017",
    note    = {preprint on webpage at \url{https://web.stanford.edu/~jurafsky/slp3/}},
    chapter = 10,
    pages   = "1--2"
}

@inproceedings{GoldbergN12,
  author    = {Yoav Goldberg and
               Joakim Nivre},
  title     = {A Dynamic Oracle for Arc-Eager Dependency Parsing},
  booktitle = {{COLING} 2012, 24th International Conference on Computational Linguistics,
               Proceedings of the Conference: Technical Papers, 8-15 December 2012,
               Mumbai, India},
  pages     = {959--976},
  year      = {2012},
  url       = {http://aclweb.org/anthology/C/C12/C12-1059.pdf},
  timestamp = {Mon, 11 Mar 2013 13:38:30 +0100},
  biburl    = {http://dblp.uni-trier.de/rec/bib/conf/coling/GoldbergN12},
  bibsource = {dblp computer science bibliography, http://dblp.org}
}

@book{Aho:72,
    author  = {Alfred V. Aho and Jeffrey D. Ullman},
    title   = {The Theory of Parsing, Translation and Compiling},
    year    = "1972",
    volume  = "1",
    publisher = {Prentice-Hall},
    address = {Englewood Cliffs, NJ}
}

@book{APA:83,
    author  = {{American Psychological Association}},
    title   = {Publications Manual},
    year    = "1983",
   publisher = {American Psychological Association},
   address = {Washington, DC}
}

@article{ACM:83,
	author = {Association for Computing Machinery},
	year = "1983",
	journal = {Computing Reviews},
	volume = "24",
	number = "11",
	pages = "503--512"
}

@article{Chandra:81,
	author = {Ashok K. Chandra and Dexter C. Kozen and Larry J. Stockmeyer},
	year = "1981",
	title = {Alternation},
	journal = {Journal of the Association for Computing Machinery},
	volume = "28",
	number = "1",
	pages = "114--133",
	doi = "10.1145/322234.322243",
}

@book{Gusfield:97,
    author  = {Dan Gusfield},
    title   = {Algorithms on Strings, Trees and Sequences},
    year    = "1997",
    publisher = {Cambridge University Press},
    address = {Cambridge, UK}
}

@article{Kim14f,
  author    = {Yoon Kim},
  title     = {Convolutional Neural Networks for Sentence Classification},
  journal   = {CoRR},
  volume    = {abs/1408.5882},
  year      = {2014},
  url       = {http://arxiv.org/abs/1408.5882},
  archivePrefix = {arXiv},
  eprint    = {1408.5882},
  timestamp = {Wed, 07 Jun 2017 14:40:07 +0200},
  biburl    = {http://dblp.org/rec/bib/journals/corr/Kim14f},
  bibsource = {dblp computer science bibliography, http://dblp.org}
}

@inproceedings{Pang:2005,
 author = {Pang, Bo and Lee, Lillian},
 title = {Seeing Stars: Exploiting Class Relationships for Sentiment Categorization with Respect to Rating Scales},
 booktitle = {Proceedings of the 43rd Annual Meeting on Association for Computational Linguistics},
 series = {ACL '05},
 year = {2005},
 location = {Ann Arbor, Michigan},
 pages = {115--124},
 numpages = {10},
 url = {https://doi.org/10.3115/1219840.1219855},
 doi = {10.3115/1219840.1219855},
 acmid = {1219855},
 publisher = {Association for Computational Linguistics},
 address = {Stroudsburg, PA, USA},
} 

@inproceedings{Iyyer2015,
Title = {Deep Unordered Composition Rivals Syntactic Methods for Text Classification},
Booktitle = {Association for Computational Linguistics},
Author = {Mohit Iyyer and Varun Manjunatha and Jordan Boyd-Graber and Hal {Daum\'{e} III}},
Year = {2015},
Location = {Beijing, China}
}

@article{Zhang15,
  author    = {Ye Zhang and
               Byron C. Wallace},
  title     = {A Sensitivity Analysis of (and Practitioners' Guide to) Convolutional
               Neural Networks for Sentence Classification},
  journal   = {CoRR},
  volume    = {abs/1510.03820},
  year      = {2015},
  url       = {http://arxiv.org/abs/1510.03820},
  archivePrefix = {arXiv},
  eprint    = {1510.03820},
  timestamp = {Wed, 07 Jun 2017 14:43:15 +0200},
  biburl    = {http://dblp.org/rec/bib/journals/corr/ZhangW15b},
  bibsource = {dblp computer science bibliography, http://dblp.org}
}