@inproceedings{Marcus:1994,
 author = {Marcus, Mitchell and Kim, Grace and Marcinkiewicz, Mary Ann and MacIntyre, Robert and Bies, Ann and Ferguson, Mark and Katz, Karen and Schasberger, Britta},
 title = {The Penn Treebank: Annotating Predicate Argument Structure},
 booktitle = {Proceedings of the Workshop on Human Language Technology},
 series = {HLT '94},
 year = {1994},
 isbn = {1-55860-357-3},
 location = {Plainsboro, NJ},
 pages = {114--119},
 numpages = {6},
 url = {https://doi.org/10.3115/1075812.1075835},
 doi = {10.3115/1075812.1075835},
 acmid = {1075835},
 publisher = {Association for Computational Linguistics},
 address = {Stroudsburg, PA, USA},
} 

@unpublished{Jurafsky:2017,
    author  = {Dan Jurafsky and James H.Martin},
    title   = {Speech and Language Processing},
    year    = "2017",
    note    = {preprint on webpage at \url{https://web.stanford.edu/~jurafsky/slp3/}},
    chapter = 10,
    pages   = "1--2"
}

@online{cs224d,
author = {Richard Socher},
title  = {{CS}224d {D}eep {NLP} {L}ecture 8: {R}ecurrent {N}eural {N}etworks},
date   = {2016-04},
year = {2016},
url    = {{https://cs224d.stanford.edu/lectures/CS224d-Lecture8.pdf}}
note = {Accessed: 2018-03-18}
}

@online{colah,
author = {Christopher Olah},
title  = {Understanding {LSTM} {N}etworks},
date   = {2015-08},
year = {2015},
url    = {{http://colah.github.io/posts/2015-08-Understanding-LSTMs/}},
note = {Accessed: 2018-03-18}
}

@book{suffix,
    author  = {Bill Honig and Linda Diamond and Linda Gutlohn and Jacalyn Mahler},
    title   = {Teaching Reading Sourcebook: For Kindergarten Through Eighth Grade},
    year    = "2000",
    volume  = "1",
    publisher = {Academic Therapy Publications},
    address = {20 Leveroni Court, Novato, CA 94949-5746}
}