@article{Anderson2017up-down,
  author = {Peter Anderson and Xiaodong He and Chris Buehler and Damien Teney and Mark Johnson and Stephen Gould and Lei Zhang},
  title = {Bottom-Up and Top-Down Attention for Image Captioning and Visual Question Answering},
  journal = {arXiv preprint arXiv:1707.07998},
  year = {2017}
}

@inproceedings{Ren:2015:FRT:2969239.2969250,
 author = {Ren, Shaoqing and He, Kaiming and Girshick, Ross and Sun, Jian},
 title = {Faster R-CNN: Towards Real-time Object Detection with Region Proposal Networks},
 booktitle = {Proceedings of the 28th International Conference on Neural Information Processing Systems - Volume 1},
 series = {NIPS'15},
 year = {2015},
 location = {Montreal, Canada},
 pages = {91--99},
 numpages = {9},
 url = {http://dl.acm.org/citation.cfm?id=2969239.2969250},
 acmid = {2969250},
 publisher = {MIT Press},
 address = {Cambridge, MA, USA},
}

@article{Li2018TellandAnswerTE,
  title={Tell-and-Answer: Towards Explainable Visual Question Answering using Attributes and Captions},
  author={Qing Li and Jianlong Fu and Dongfei Yu and Tao Mei and Jiebo Luo},
  journal={CoRR},
  year={2018},
  volume={abs/1801.09041}
}