@book{Sutton:1998,
 author = {Sutton, Richard S. and Barto, Andrew G.},
 title = {Introduction to Reinforcement Learning},
 year = {1998},
 isbn = {0262193981},
 edition = {1st},
 publisher = {MIT Press},
 address = {Cambridge, MA, USA},
} 

@inproceedings{Zhang:2015,
 author = {Zhang, Ruohan and Song, Zhao and Ballard, Dana H.},
 title = {Global Policy Construction in Modular Reinforcement Learning},
 booktitle = {Proceedings of the Twenty-Ninth AAAI Conference on Artificial Intelligence},
 series = {AAAI'15},
 year = {2015},
 isbn = {0-262-51129-0},
 location = {Austin, Texas},
 pages = {4226--4227},
 numpages = {2},
 url = {http://dl.acm.org/citation.cfm?id=2888116.2888340},
 acmid = {2888340},
 publisher = {AAAI Press},
} 