@online{cloud,
  author = {Scott Moser},
  title = {Using Ubuntu cloud-images without a cloud},
  year = 2011,
  howpublished = "\url{http://ubuntu-smoser.blogspot.com/2013/02/using-ubuntu-cloud-images-without-cloud.html}",
  url = {http://ubuntu-smoser.blogspot.com/2013/02/using-ubuntu-cloud-images-without-cloud.html},
  urldate = {2011-02-11}
  note = "[Online; accessed 12-March-2018]"
}

@online{aslr,
  title = {Address Space Layout Randomization (ASLR)},
  year = 2018,
  howpublished = "\url{https://en.wikipedia.org/wiki/Address_space_layout_randomization}",
}

@online{aslr2,
	title = {Linux and ASLR: kernel/randomize\_va\_space},
	year = 2016,
	howpublished = "\url{https://linux-audit.com/linux-aslr-and-kernelrandomize\_va\_space-setting}",
}

@online{lab0,
  title = {CS380L: Advanced Operating Systems Lab 0},
  year = 2018,
  howpublished = "\url{https://www.cs.utexas.edu/~rossbach/380L/lab/lab0.html\#debug-config}",
}

@online{proc_man,
  title = {proc(5) - Linux man page},
  howpublished = "\url{http://man7.org/linux/man-pages/man5/proc.5.html}",
}

@online{getrusage_man,
	title = {getrusage(2) - Linux man page},
	howpublished = "\url{http://man7.org/linux/man-pages/man2/getrusage.2.html}",
}

@online{urandom,
  title = {Myths about /dev/urandom},
  howpublished = "\url{https://www.2uo.de/myths-about-urandom/}",
}

@book{Bovet:2000:ULK:557706,
	author = {Bovet, Daniel Pierre and Cassetti, Marco},
	editor = {Oram, Andy},
	title = {Understanding the Linux Kernel},
	year = {2000},
	isbn = {0596000022},
	publisher = {O'Reilly \& Associates, Inc.},
	address = {Sebastopol, CA, USA},
	chapter = 9,
}
