@inproceedings{Marcus:1994,
 author = {Marcus, Mitchell and Kim, Grace and Marcinkiewicz, Mary Ann and MacIntyre, Robert and Bies, Ann and Ferguson, Mark and Katz, Karen and Schasberger, Britta},
 title = {The Penn Treebank: Annotating Predicate Argument Structure},
 booktitle = {Proceedings of the Workshop on Human Language Technology},
 series = {HLT '94},
 year = {1994},
 isbn = {1-55860-357-3},
 location = {Plainsboro, NJ},
 pages = {114--119},
 numpages = {6},
 url = {https://doi.org/10.3115/1075812.1075835},
 doi = {10.3115/1075812.1075835},
 acmid = {1075835},
 publisher = {Association for Computational Linguistics},
 address = {Stroudsburg, PA, USA},
} 


@techreport{browncorpus,
  added-at = {2008-02-29T17:14:20.000+0100},
  author = {Francis, W. N. and Kucera, H.},
  biburl = {https://www.bibsonomy.org/bibtex/260bb0c74c2ecced0632393e47eb64f48/sb3000},
  institution = {Department of Linguistics, Brown University, Providence, Rhode Island, US},
  interhash = {119c367841941ad1a8f0db35d9f1c0b9},
  intrahash = {60bb0c74c2ecced0632393e47eb64f48},
  keywords = {corpus linguistics text-mining},
  timestamp = {2008-02-29T17:14:20.000+0100},
  title = {Brown Corpus Manual},
  url = {http://icame.uib.no/brown/bcm.html},
  year = 1979
}

@INPROCEEDINGS{Dahl94,
    author = {Deborah A. Dahl and Madeleine Bates and Michael Brown and William Fisher and Kate Hunicke-smith and David Pallett and Er Rudnicky and Elizabeth Shriberg},
    title = {Expanding the scope of the ATIS task: the ATIS-3 corpus},
    booktitle = {in Proc. ARPA Human Language Technology Workshop '92, Plainsboro, NJ},
    year = {1994},
    pages = {43--48},
    publisher = {Morgan Kaufmann}
}

@online{ray,
author = {Ray Mooney},
title  = {{CS}388 {N}atural {L}anguage {P}rocessing 
  {H}omework 1: {N}-gram {L}anguage {M}odels},
date   = {2018-02},
year = {2018},
url    = {{https://www.cs.utexas.edu/~mooney/cs388/hw1.html}
note = {Accessed: 2018-02-19}
}