@article{blei2003latent,
  title={Latent dirichlet allocation},
  author={Blei, David M and Ng, Andrew Y and Jordan, Michael I},
  journal={Journal of machine Learning research},
  volume={3},
  number={Jan},
  pages={993--1022},
  year={2003}
}

@article{Li2018TellandAnswerTE,
  title={Tell-and-Answer: Towards Explainable Visual Question Answering using Attributes and Captions},
  author={Qing Li and Jianlong Fu and Dongfei Yu and Tao Mei and Jiebo Luo},
  journal={CoRR},
  year={2018},
  volume={abs/1801.09041}
}

@article{Chen2015MicrosoftCC,
  title={Microsoft COCO Captions: Data Collection and Evaluation Server},
  author={Xinlei Chen and Hao Fang and Tsung-Yi Lin and Ramakrishna Vedantam and Saurabh Gupta and Piotr Doll{\'a}r and C. Lawrence Zitnick},
  journal={CoRR},
  year={2015},
  volume={abs/1504.00325}
}

@inproceedings{Papineni:2002:BMA:1073083.1073135,
 author = {Papineni, Kishore and Roukos, Salim and Ward, Todd and Zhu, Wei-Jing},
 title = {BLEU: A Method for Automatic Evaluation of Machine Translation},
 booktitle = {Proceedings of the 40th Annual Meeting on Association for Computational Linguistics},
 series = {ACL '02},
 year = {2002},
 location = {Philadelphia, Pennsylvania},
 pages = {311--318},
 numpages = {8},
 url = {https://doi.org/10.3115/1073083.1073135},
 doi = {10.3115/1073083.1073135},
 acmid = {1073135},
 publisher = {Association for Computational Linguistics},
 address = {Stroudsburg, PA, USA},
} 

@online{bleu-post,
  title = {BLEU post},
  year = 2018,
  howpublished = "\url{http://zhu45.org/posts/2018/Mar/28/bleu-a-method-for-automatic-evaluation-of-machine-translation/}",
}